%
%  Vzor bibliografické databáze pro automatickou tvorbu seznamu referencí
%  pomocí BibTeXu
%
%  Doporučený software pro správu databáze literatury formátu *.bib:
%    JabRef, http://jabref.sourceforge.net/
%
%  POZOR:
%
%    *  Písmena v názvech publikací, jež je třeba tisknout vždy velká, se musejí psát
%       do složených závorek ({T}hailand, {HIV})
%
%  ===========================================================================


@Inbook{Murasugi,
author="Murasugi, Kunio",
title="Fundamental Concepts of Knot Theory",
bookTitle="Knot Theory and Its Applications",
year="1996",
publisher="Birkh{\"a}user Boston",
address="Boston, MA",
pages="5--24",
abstract="A knot, succinctly, is an entwined circle. However, throughout this book we shall think of a knot as an entwined polygon in 3-dimensional space, Figure 1.0.1(a). The reason for this is that it allows us, with recourse to combinatorial topology,1 to exclude wild knots. For an example of a wild knot, consider the knot in Figure 1.0.1(b). Close to the point P, in a sense we may take this to be a ``limit'' point, the knot starts to cluster together in a concertina fashion. Therefore, in the vicinity of such a point particular care needs to be taken with the nature of the knot. We shall not in this exposition apply or work within the constraints of such (wild) knots. In fact, since wild knots are not that common, this will be the only reference to these kind of knots.",
isbn="978-0-8176-4719-3",
doi="10.1007/978-0-8176-4719-3_2",
url="https://doi.org/10.1007/978-0-8176-4719-3_2"
}

@inproceedings{eisermann1999number,
  title={The number of knot group representations is not a Vassiliev invariant},
  author={Michael Eisermann},
  year={1999},
  url={https://api.semanticscholar.org/CorpusID:16945432}
}

@misc{chmutov2011introduction,
      title={Introduction to Vassiliev Knot Invariants}, 
      author={S. Chmutov and S. Duzhin and J. Mostovoy},
      year={2011},
      eprint={1103.5628},
      archivePrefix={arXiv},
      primaryClass={math.GT}
}

@misc{fish2015combinatorial,
      title={A combinatorial approach to knot recognition}, 
      author={Andrew Fish and Alexei Lisitsa and David Stanovský},
      year={2015},
      eprint={1505.06595},
      archivePrefix={arXiv},
      primaryClass={math.GT}
}
